<?xml version="1.0" encoding="UTF-8"?><record xmlns="info:lc/xmlns/marcxchange-v1" xsi:schemaLocation="http://www.loc.gov/standards/iso25577/marcxchange-1-1.xsd" xmlns:xsi="http://www.w3.org/2001/XMLSchema-instance">
    <leader>00000n    2200000   4500</leader>
    <datafield tag="001" ind1="0" ind2="0">
        <subfield code="a">28947216</subfield>
        <subfield code="b">870970</subfield>
        <subfield code="c">20200421093914</subfield>
        <subfield code="d">20110913</subfield>
        <subfield code="f">a</subfield>
    </datafield>
    <datafield tag="004" ind1="0" ind2="0">
        <subfield code="r">d</subfield>
        <subfield code="a">e</subfield>
    </datafield>
    <datafield tag="008" ind1="0" ind2="0">
        <subfield code="t">m</subfield>
        <subfield code="v">0</subfield>
        <subfield code="&amp;">f</subfield>
        <subfield code="u">r</subfield>
        <subfield code="a">2011</subfield>
        <subfield code="z">2016</subfield>
        <subfield code="b">dk</subfield>
        <subfield code="d">y</subfield>
        <subfield code="l">dan</subfield>
        <subfield code="x">06</subfield>
    </datafield>
    <datafield tag="009" ind1="0" ind2="0">
        <subfield code="a">a</subfield>
        <subfield code="g">xx</subfield>
    </datafield>
    <datafield tag="021" ind1="0" ind2="0">
        <subfield code="e">9788771084504</subfield>
        <subfield code="c">ib.</subfield>
    </datafield>
    <datafield tag="032" ind1="0" ind2="0">
        <subfield code="x">ACC201137</subfield>
        <subfield code="a">DBF201646</subfield>
        <subfield code="x">BKM201646</subfield>
    </datafield>
    <datafield tag="100" ind1="0" ind2="0">
        <subfield code="5">870979</subfield>
        <subfield code="6">68594693</subfield>
        <subfield code="4">aut</subfield>
    </datafield>
    <datafield tag="245" ind1="0" ind2="0">
        <subfield code="a">Matador</subfield>
        <subfield code="c">mennesker, myter &amp; minder</subfield>
    </datafield>
    <datafield tag="250" ind1="0" ind2="0">
        <subfield code="a">1. udgave</subfield>
        <subfield code="b">÷</subfield>
    </datafield>
    <datafield tag="260" ind1="0" ind2="0">
        <subfield code="&amp;">1</subfield>
        <subfield code="a">Kbh.</subfield>
        <subfield code="b">People's Press</subfield>
        <subfield code="c">2011</subfield>
    </datafield>
    <datafield tag="300" ind1="0" ind2="0">
        <subfield code="a">317 sider</subfield>
        <subfield code="b">ill. i farver</subfield>
    </datafield>
    <datafield tag="504" ind1="0" ind2="0">
        <subfield code="&amp;">1</subfield>
        <subfield code="a">Historien om tv-serien Matador og interviews med skuespillere og andre folk foran og bag kameraet, der også beretter om liv og karriere efter Matador</subfield>
    </datafield>
    <datafield tag="521" ind1="0" ind2="0">
        <subfield code="&amp;">REX</subfield>
        <subfield code="a">1. oplag</subfield>
        <subfield code="c">2011</subfield>
        <subfield code="k">Specialtrykkeriet Viborg</subfield>
    </datafield>
    <datafield tag="521" ind1="0" ind2="0">
        <subfield code="a">2. oplag</subfield>
        <subfield code="c">2011</subfield>
    </datafield>
    <datafield tag="521" ind1="0" ind2="0">
        <subfield code="b">4. oplag</subfield>
        <subfield code="c">2016</subfield>
    </datafield>
    <datafield tag="652" ind1="0" ind2="0">
        <subfield code="m">77.91</subfield>
    </datafield>
    <datafield tag="666" ind1="0" ind2="0">
        <subfield code="0"/>
        <subfield code="f">tv-serier</subfield>
    </datafield>
    <datafield tag="666" ind1="0" ind2="0">
        <subfield code="0"/>
        <subfield code="t">Matador (tv-serie)</subfield>
    </datafield>
    <datafield tag="666" ind1="0" ind2="0">
        <subfield code="0"/>
        <subfield code="e">Danmark</subfield>
    </datafield>
    <datafield tag="666" ind1="0" ind2="0">
        <subfield code="0"/>
        <subfield code="i">1900-1999</subfield>
    </datafield>
    <datafield tag="666" ind1="0" ind2="0">
        <subfield code="0"/>
        <subfield code="i">2000-2009</subfield>
    </datafield>
    <datafield tag="666" ind1="0" ind2="0">
        <subfield code="0"/>
        <subfield code="o">biografier</subfield>
    </datafield>
    <datafield tag="666" ind1="0" ind2="0">
        <subfield code="0"/>
        <subfield code="o">erindringer</subfield>
    </datafield>
    <datafield tag="720" ind1="0" ind2="0">
        <subfield code="o">Pernille Wass</subfield>
        <subfield code="4">edt</subfield>
    </datafield>
    <datafield tag="990" ind1="0" ind2="0">
        <subfield code="o">201646</subfield>
        <subfield code="b">v</subfield>
        <subfield code="b">l</subfield>
        <subfield code="u">op</subfield>
    </datafield>
    <datafield tag="996" ind1="0" ind2="0">
        <subfield code="a">DBC</subfield>
    </datafield>
</record>
